<?xml version="1.0" encoding="UTF-8"?><collection xmlns="http://www.loc.gov/MARC21/slim"><record><leader>00605nam--2200181-i-4500</leader><controlfield tag="001">000012054</controlfield><controlfield tag="002">20161230</controlfield><controlfield tag="005">20161230201029</controlfield><controlfield tag="008">060222s1000------------r-----000-0-rum-d</controlfield><datafield ind1=" " ind2=" " tag="040"><subfield code="a">IFIN-HH</subfield></datafield><datafield ind1=" " ind2=" " tag="041"><subfield code="a">rum</subfield></datafield><datafield ind1=" " ind2=" " tag="080"><subfield code="a">514.12(075.8)</subfield></datafield><datafield ind1="1" ind2=" " tag="100"><subfield code="a">Abramescu, N</subfield></datafield><datafield ind1="1" ind2="0" tag="245"><subfield code="a">Lectiuni de geometrie analitica urmate de introducere elementara in studiul analitic al geometriilor neeuclidiene si notiuni elementare de geometrie vectoriala</subfield><subfield code="c">N. abramescu, g. titeica</subfield></datafield><datafield ind1=" " ind2=" " tag="260"><subfield code="a">Cluj</subfield><subfield code="b">Institutul De Arte Grafice Ardealul</subfield><subfield code="c">1927</subfield></datafield><datafield ind1=" " ind2=" " tag="300"><subfield code="a">617 P</subfield></datafield><datafield ind1=" " ind2=" " tag="852"><subfield code="a">44441</subfield><subfield code="c">H.H</subfield></datafield><datafield ind1=" " ind2=" " tag="CAT"><subfield code="a">Sys</subfield><subfield code="c">20130403</subfield><subfield code="h">174510</subfield></datafield></record></collection>